@inproceedings{lin2015universal,
  title={A universal catalyst for first-order optimization},
  author={Lin, Hongzhou and Mairal, Julien and Harchaoui, Zaid},
  booktitle={Advances in Neural Information Processing Systems},
  pages={3384--3392},
  year={2015}
}